@BOOK{ISLR,
	title = {An Introduction to Statistical Learning},
	publisher = {Springer},
	author = {Hastie and James and Tibshirani and Witten},
	year = {2014},
	edition = {1st},
}

@book{Breiman1984,
  added-at = {2009-06-22T10:05:09.000+0200},
  address = {Belmont, CA},
  author = {Breiman, L. and Friedman, J. H. and Olshen, R. A. and Stone, C. J.},
  biburl = {http://www.bibsonomy.org/bibtex/27f293aa2bdfd10960ef36928f2795f1d/n.nanas},
  interhash = {61f3e6d61ba17bb493014bd1c6dfa670},
  intrahash = {7f293aa2bdfd10960ef36928f2795f1d},
  keywords = {imported},
  publisher = {Wadsworth International Group},
  timestamp = {2009-06-22T10:05:09.000+0200},
  title = {Classification and Regression Trees},
  year = 1984
}


@book{ESL,
  added-at = {2008-05-16T16:17:42.000+0200},
  address = {New York, NY, USA},
  author = {Hastie, Trevor and Tibshirani, Robert and Friedman, Jerome},
  biburl = {http://www.bibsonomy.org/bibtex/2f58afc5c9793fcc8ad8389824e57984c/sb3000},
  interhash = {d585aea274f2b9b228fc1629bc273644},
  intrahash = {f58afc5c9793fcc8ad8389824e57984c},
  keywords = {ml statistics},
  publisher = {Springer New York Inc.},
  series = {Springer Series in Statistics},
  timestamp = {2008-05-16T16:17:42.000+0200},
  title = {The Elements of Statistical Learning},
  year = 2001
}
